@article{hypervisorTypes,
  title   = {{Formal requirements for virtualizable third generation architectures}},
  author  = {{Gerald J. Popek, Robert P. Goldberg}},
  journal = {{Communications of the ACM}},
  volume  = 17,
  year    = 1974,
  url     = {http://dl.acm.org/citation.cfm?doid=361011.361073},
  urldate = {2016-12-10}
}
